%% Este arquivo deve ser salvo com a codificação UTF-8,
%% Veja como configurar o Jabref para utilização com o abnTeX2: 
%% https://github.com/abntex/abntex2/wiki/JabRef


@misc{procura-profissionais,
 title   ={Procura por profissionais de tecnologia cresce 671% durante a pandemia},
 url     ={https://www.cnnbrasil.com.br/business/procura-por-profissionais-de-tecnologia-cresce-671-durante-a-pandemia/},
 organization={CNN Brasil},
 urlaccessdate={26 set. 2022},
 year=2021
}

@article{utilizacao-jogos-digitais,
 author  ={Müller, Angela Fernanda},
 title   ={Práticas pedagógicas: o uso da internet como mediadora da aprendizagem},
 journal ={Manancial},
 section ={Repositório Digital da UFSM},
 address ={Polo de Agudo, RS, Brasil},
 pages   ={6-7},
 url     ={http://repositorio.ufsm.br/handle/1/11584},
 urlaccessdate={26 set. 2022},
 year    =2014
}