@misc{procura-profissionais,
  title = {Procura por profissionais de tecnologia cresce 671% durante a pandemia},
  url = {https://www.cnnbrasil.com.br/business/procura-por-profissionais-de-tecnologia-cresce-671-durante-a-pandemia/},
  organization = {CNN Brasil},
  urlaccessdate = {26 set. 2022},
  year = {2021}
}
@article{utilizacao-jogos-digitais,
  author = {Müller, Angela Fernanda},
  title = {Práticas pedagógicas},
  journal = {Manancial},
  section = {Repositório Digital da UFSM},
  address = {Polo de Agudo, RS, Brasil},
  pages = {6-7},
  url = {http://repositorio.ufsm.br/handle/1/11584},
  urlaccessdate = {26 set. 2022},
  year = {2014},
  subtitle = {o uso da internet como mediadora da aprendizagem}
}
